@book{WdA,
	author = {Gosse, Chris and Lindner, Uli and Römer, Thomas and Diehn, Peter and Weste, Anton},
	title = {Wege der Alchimie},
	subtitle = {Kompendium der aventurischen Alchimie, Artefaktherstellung und Zauberzeichen},
	year = {2012},
	edition = {Zweite, überarbeitete Auflage},
	publisher = {Ulisses Spiele GmbH},
	isbn = {978-3-86889-067-9},
	url = {https://www.ulisses-ebooks.de/product/93374/},
% Unverified
}

@book{WdG,
	author = {Römer, Thomas and Don-Schauen, Florian and Gosse, Chris and Hakenberg, Tilman and Küppers, Stefan and Lieb, Kathrin and Michel, Olaf and Mindach, Philippe and Moussa, Elias and Reinwald, Katja and Richter, Daniel Simon and Saßenscheidt, Christian and Schwefel, Michelle and Spohr, Alex and Unterberger, Michael and Zybura, Tyll},
	editor = {Römer, Thomas},
	title = {Wege der Götter},
	subtitle = {Regelwerk zu den Göttern Aventuriens in der Welt des Schwarzen Auges},
	year = {2014},
	edition = {Dritte, überarbeitete Auflage},
	publisher = {Ulisses Spiele GmbH},
	isbn = {978-3-86889-506-3},
	url = {https://www.ulisses-ebooks.de/product/93368/},
% Unverified
}

@book{WdH,
	author = {Römer, Thomas and Don-Schauen, Florian and Michel, Olaf and Moussa, Elias and von Ribbeck, Stefanie},
	editor = {Römer, Thomas},
	title = {Wege der Helden},
	subtitle = {Generierungsregeln für alle aventurischen Helden},
	year = {2011},
	edition = {Dritte, überarbeitete Auflage},
	publisher = {Ulisses Spiele GmbH},
	isbn = {978-3-86889-503-2},
	url = {https://www.ulisses-ebooks.de/product/93362/},
% Unverified
}

@book{WdS,
	author = {Römer, Thomas and Gosse, Chris and Hakenberg, Tilman and Moussa, Elias and Saßenscheidt, Christian and Spohr, Alex},
	editor = {Römer, Thomas},
	title = {Wege des Schwerts},
	subtitle = {Talent- und Kampfregeln des Schwarzen Auges},
	year = {2015},
	edition = {Dritte, überarbeitete Auflage},
	publisher = {Ulisses Spiele GmbH},
	url = {https://www.ulisses-ebooks.de/product/93366/},
% Unverified
}

@book{WdZ,
	author = {Michel, Olaf and Römer, Thomas and Bartels, Frank W. and Berthold, Lutz and Diehn, Peter and Hakenberg, Tilman and Megner, Benedikt and Moussa, Elias and Saßenscheidt, Christian and Spohr, Alex and Wachholz, Mark and Weste, Anton},
	editor = {Michel, Olaf and Römer, Thomas},
	title = {Wege der Zauberei},
	subtitle = {Regelwerk zur Magie Aventuriens in der Welt des Schwarzen Auges},
	year = {2011},
	edition = {Zweite, überarbeitete Auflage},
	publisher = {Ulisses Spiele GmbH},
	isbn = {978-3-86889-505-6},
	url = {https://www.ulisses-ebooks.de/product/93367/},
% Unverified
}

@book{ZBA,
	author = {Gosse, Chris and Aepfelbach, Kathrin and Bartels, Frank and Dannenberger, Iva and Diehn, Peter and Hellinger, Christian and Herrmann, Magnus and Kämmer, Petra and Küppers, Stefan and Michel, Olaf and Moussa, Elias and Nelhübel, Torsten and Rau, Judith and von Ribbeck, Stephanie and Römer, Thomas and Seeger, Philipp and Wagner, Gudrun and Wicht, Matthias and Wielenberg, Andreas},
	editor = {Gosse, Chris},
	title = {Zoo-Botanica Aventurica},
	subtitle = {Tiere und Pflanzen des Schwarzen Auges},
	year = {2011},
	edition = {Dritte Auflage},
	publisher = {Ulisses Spiele GmbH},
	isbn = {978-3-86889-510-0},
	url = {https://www.ulisses-ebooks.de/product/93364/},
% Unverified
}

@book{WB1,
	author = {Don-Schauen, Florian},
	editor = {Don-Schauen, Florian and Römer, Thomas},
	title = {Die Zuflucht},
	subtitle = {Weißer Berg I},
	year = {2011},
	edition = {Zweite Auflage},
	publisher = {Ulisses Spiele GmbH},
	isbn = {978-3-86889-715-9},
	url = {https://www.ulisses-ebooks.de/product/115962/},
% Unverified
}

@book{WB2,
	author = {Don-Schauen, Florian},
	editor = {Don-Schauen, Florian and Römer, Thomas},
	title = {Der Fluch von Burg Dragenstein},
	subtitle = {Weißer Berg II},
	year = {2011},
	edition = {Zweite Auflage},
	publisher = {Ulisses Spiele GmbH},
	isbn = {978-3-86889-716-6},
	url = {https://www.ulisses-ebooks.de/product/115963/},
% Unverified
}